<?xml version="1.0" encoding="UTF-8"?><collection xmlns="http://www.loc.gov/MARC21/slim"><record><leader>00417nam--2200133-i-4500</leader><controlfield tag="001">000024686</controlfield><controlfield tag="002">20161230</controlfield><controlfield tag="005">20161230201035</controlfield><controlfield tag="008">060222s1000------------r-----000-0-eng-d</controlfield><datafield ind1=" " ind2=" " tag="080"><subfield code="a">621.039.6(061.3)</subfield></datafield><datafield ind1=" " ind2=" " tag="245"><subfield code="a">4th international conference on emerging nuclear systems. june 30th-july 4th, 1986, madrid</subfield></datafield><datafield ind1=" " ind2=" " tag="260"><subfield code="a">Singapore, World Scientific, 1987, Xiii + 481p</subfield></datafield><datafield ind1=" " ind2=" " tag="700"><subfield code="a">Velarde, G. And Minguez, E</subfield></datafield><datafield ind1=" " ind2=" " tag="852"><subfield code="a">74674</subfield></datafield></record></collection>